<?xml version="1.0" encoding="UTF-8"?><collection xmlns="http://www.loc.gov/MARC21/slim"><record><leader>00382nam--2200157-i-4500</leader><controlfield tag="001">000015542</controlfield><controlfield tag="002">20161230</controlfield><controlfield tag="005">20170212005655</controlfield><controlfield tag="008">060222s1000------------r-----000-0-eng-d</controlfield><datafield ind1=" " ind2=" " tag="100"><subfield code="a">Dumitrache, Ion</subfield></datafield><datafield ind1=" " ind2=" " tag="245"><subfield code="a">Regulatoare automate</subfield></datafield><datafield ind1=" " ind2=" " tag="260"><subfield code="a">Bucuresti</subfield><subfield code="b">Ed.Did.Si Pedag</subfield><subfield code="c">1985</subfield></datafield><datafield ind1=" " ind2=" " tag="300"><subfield code="a">417 p</subfield></datafield><datafield ind1=" " ind2=" " tag="700"><subfield code="a">Calin, Sergiu</subfield></datafield><datafield ind1=" " ind2=" " tag="852"><subfield code="a">007(082)</subfield></datafield><datafield ind1=" " ind2=" " tag="CAT"><subfield code="a">SYS</subfield><subfield code="c">20170212</subfield><subfield code="h">005655</subfield></datafield></record></collection>